<?xml version="1.0" encoding="UTF-8"?><collection xmlns="http://www.loc.gov/MARC21/slim"><record><leader>00686nam--2200169-i-4500</leader><controlfield tag="001">000043324</controlfield><controlfield tag="002">20161230</controlfield><controlfield tag="005">20161230201044</controlfield><controlfield tag="008">060222s1000------------r-----000-0-eng-d</controlfield><datafield ind1=" " ind2=" " tag="040"><subfield code="a">IFIN-HH</subfield></datafield><datafield ind1=" " ind2=" " tag="080"><subfield code="a">537.591:539.12</subfield></datafield><datafield ind1="1" ind2=" " tag="110"><subfield code="a">Department Of Atomic Energy, Government Of India</subfield></datafield><datafield ind1="1" ind2="0" tag="245"><subfield code="a">The ninth symposium on cosmic rays, elementary particle physics and astrophysics held at the tata institute of fundamental research, bombay, during december 1965</subfield><subfield code="b">This volume containing the proceedings is dedicated to the cherished memory of dr.h.j. bhabha</subfield></datafield><datafield ind1=" " ind2=" " tag="260"><subfield code="a">Bombay</subfield><subfield code="b">The Tata Institute</subfield><subfield code="c">1965</subfield></datafield><datafield ind1=" " ind2=" " tag="300"><subfield code="a">XV + 815 P</subfield></datafield><datafield ind1=" " ind2=" " tag="852"><subfield code="a">24006</subfield><subfield code="c">539.13</subfield></datafield><datafield ind1=" " ind2=" " tag="CAT"><subfield code="a">Sys</subfield><subfield code="c">20120223</subfield><subfield code="h">152946</subfield></datafield></record></collection>